@phdthesis{Mezzarobba2011,
  author = {Marc Mezzarobba},
  month = nov,
  school = {École polytechnique},
  title = {Autour de l'évaluation numérique des fonctions {D}-finies},
  type = {Thèse de doctorat},
  url = {http://tel.archives-ouvertes.fr/pastel-00663017/},
  year = {2011}
}
@article{mezzarobba2019truncation,
	title={Truncation bounds for differentially finite series},
	author={Mezzarobba, Marc},
	year={2019}
}
@article{MezzarobbaSalvy2010,
	author = {Marc Mezzarobba and Bruno Salvy},
	doi = {10.1016/j.jsc.2010.06.024},
	journal = {Journal of Symbolic Computation},
	number = {10},
	pages = {1075–1096},
	title = {Effective Bounds for {P}-recursive sequences},
	url = {http://arxiv.org/abs/0904.2452},
	volume = {45},
	year = {2010}
}
@article{DBLP:journals/jc/Yakoubsohn05,
	author    = {Jean{-}Claude Yakoubsohn},
	title     = {Numerical analysis of a bisection-exclusion method to find zeros of
	univariate analytic functions},
	journal   = {J. Complex.},
	volume    = {21},
	number    = {5},
	pages     = {652--690},
	year      = {2005},
	url       = {https://doi.org/10.1016/j.jco.2005.06.007},
	doi       = {10.1016/j.jco.2005.06.007},
	timestamp = {Thu, 20 Feb 2020 11:32:41 +0100},
	biburl    = {https://dblp.org/rec/journals/jc/Yakoubsohn05.bib},
	bibsource = {dblp computer science bibliography, https://dblp.org}
}
@book{dedieu2006points,
	title={Points fixes, z{\'e}ros et la m{\'e}thode de Newton},
	author={Dedieu, Jean-Pierre},
	year={2006},
	publisher={Springer}
}
@article{gregoire2012certified,
	title={Certified polynomial approximations for D-finite functions},
	author={Gr{\'e}goire, Thomas},
	journal={Rapport de stage, {\'E}cole normale sup{\'e}rieure de Lyon},
	year={2012}
}
@article{hp1885aj, author={Poincar\'e, Henri},
	title={{Sur les \'equations lin\'eaires aux diff\'erentielles ordinaires et aux diff\'erences finies}},
	journal={American Journal of Mathematics},
	volume={7},
	year={1885},
	pages={203--258} }

@article{stanley1980differentiably,
	title={Differentiably finite power series},
	author={Stanley, Richard P},
	journal={European journal of combinatorics},
	volume={1},
	number={2},
	pages={175--188},
	year={1980},
	publisher={Elsevier}
}
@article{henrici1974applied,
	title={Applied and Computational Complex Analysis Vol I John Wiley and Sons Inc},
	author={Henrici, P},
	journal={New York},
	year={1974}
}